@article{transeth2008snake,
    title={Snake robot obstacle-aided locomotion: Modeling, simulations, and experiments},
    author={Transeth, Aksel Andreas and Leine, Remco I and Glocker, Christoph and Pettersen, Kristin Ytterstad and Liljeb{\"a}ck, P{\aa}l},
    journal={IEEE Transactions on Robotics},
    volume={24},
    number={1},
    pages={88--104},
    year={2008},
    publisher={IEEE}
}

@inproceedings{west1985method,
    title={A method for the design of hybrid position/force controllers for manipulators constrained by contact with the environment},
    author={West, Harry and Asada, Haruhiko},
    booktitle={Proceedings. 1985 IEEE International Conference on Robotics and Automation},
    volume={2},
    pages={251--259},
    year={1985},
    organization={IEEE}
}

@unpublished{StavdahlNote,
    author={Stavdahl, Ã˜yvind},
    title={Working note: Hybrid Position/Force Control for Perception Driven Obstacle Aided Locomotion (HOAL) in Snake Robots},
    year={2019},
    note = {unpublished}
}

@article{yoshikawa1987dynamic,
    title={Dynamic hybrid position/force control of robot manipulators--description of hand constraints and calculation of joint driving force},
    author={Yoshikawa, Tsuneo},
    journal={IEEE Journal on Robotics and Automation},
    volume={3},
    number={5},
    pages={386--392},
    year={1987},
    publisher={IEEE}
}

@article{raibert1981hybrid,
    title={Hybrid position/force control of manipulators},
    author={Raibert, Marc H and Craig, John J and others},
    journal={Journal of Dynamic Systems, Measurement, and Control},
    volume={103},
    number={2},
    pages={126--133},
    year={1981}
}

@article{liljeback2010hybrid,
    title={Hybrid modelling and control of obstacle-aided snake robot locomotion},
    author={Liljeback, P{\aa}l and Pettersen, Kristin Y and Stavdahl, {\O}yvind and Gravdahl, Jan Tommy},
    journal={IEEE Transactions on Robotics},
    volume={26},
    number={5},
    pages={781--799},
    year={2010},
    publisher={IEEE}
}

@incollection{waldron2016kinematics,
  title={Kinematics},
  author={Waldron, Kenneth J and Schmiedeler, James},
  booktitle={Springer Handbook of Robotics},
  pages={11--36},
  year={2016},
  publisher={Springer}
}

@book{murray2017mathematical,
  title={A mathematical introduction to robotic manipulation},
  author={Murray, Richard M},
  pages={155--189},
  year={2017},
  publisher={CRC press}
}

@book{lynch2017modern,
  title={Modern Robotics},
  author={Lynch, Kevin M and Park, Frank C},
  pages={272--286},
  year={2017},
  publisher={Cambridge University Press}
}

@article{rezapour2014path,
  title={Path following control of planar snake robots using virtual holonomic constraints: theory and experiments},
  author={Rezapour, Ehsan and Pettersen, Kristin Y and Liljeb{\"a}ck, P{\aa}l and Gravdahl, Jan T and Kelasidi, Eleni},
  journal={Robotics and biomimetics},
  volume={1},
  number={1},
  pages={3},
  year={2014},
  publisher={SpringerOpen}
}

@inproceedings{holden2014optimal,
  title={Optimal dynamic force mapping for obstacle-aided locomotion in 2d snake robots},
  author={Holden, Christian and Stavdahl, {\O}yvind and Gravdahl, Jan Tommy},
  booktitle={2014 IEEE/RSJ International Conference on Intelligent Robots and Systems},
  pages={321--328},
  year={2014},
  organization={IEEE}
}

@article{yoshikawa1987dynamic,
  title={Dynamic hybrid position/force control of robot manipulators--description of hand constraints and calculation of joint driving force},
  author={Yoshikawa, Tsuneo},
  journal={IEEE Journal on Robotics and Automation},
  volume={3},
  number={5},
  pages={386--392},
  year={1987},
  publisher={IEEE}
}

@book{lynch2017modernCompTorque,
  title={Modern Robotics},
  author={Lynch, Kevin M and Park, Frank C},
  pages={421--429},
  year={2017},
  publisher={Cambridge University Press}
}

@article{conkur2008path,
  title={Path planning algorithm for snake-like robots},
  author={Conkur, Erdinc Sahin and Gurbuz, Riza},
  journal={Information Technology And Control},
  volume={37},
  number={2},
  year={2008}
}

@book{liljeback2012snake,
  title={Snake robots: modelling, mechatronics, and control},
  author={Liljeb{\"a}ck, P{\aa}l and Pettersen, Kristin Ytterstad and Stavdahl, {\O}yvind and Gravdahl, Jan Tommy},
  year={2012},
  publisher={Springer Science \& Business Media}
}

@article{bayraktaroglu2004understanding,
  title={Understanding snakelike locomotion through a novel push-point approach},
  author={Bayraktaroglu, Zeki Y and Blazevic, Pierre},
  year={2004}
}